@misc{FomulaNumber,
  author       = {数学の景色},
  howpublished = {\url{https://mathlandscape.com/latex-eqnum/#toc3}},
  title        = {【{LaTeX}】数式番号に関するあれこれ},
  note         = {(閲覧日2023/03/10)}
}

@misc{BibWeb,
  author       = {Paperist},
  howpublished = {\url{https://paperist.mikumiku.moe/basic-usage/bibtex.html}},
  title        = {{BibTeX} で参考文献を書く},
  note         = {(閲覧日2023/03/10)}
}

@book{bibunsyo,
  title     = {［改訂第8版］{\LaTeX}2$\varepsilon$美文書作成入門},
  author    = {奥村晴彦，黒木裕介},
  publisher = {技術評論社},
  year      = {2020}
}

@misc{physics,
  title        = {The \verb|physics| package},
  author       = {Sergio C. de la Barrera},
  howpublished = {\url{http://mirrors.ibiblio.org/CTAN/macros/latex/contrib/physics/physics.pdf}},
  note         = {(閲覧日2023/04/23)}
}
