@misc{FomulaNumber,
  author       = {数学の景色},
  howpublished = {\url{https://mathlandscape.com/latex-eqnum/#toc3}},
  title        = {【{LaTeX}】数式番号に関するあれこれ},
  note         = {(閲覧日2023/03/10)}
}

@misc{BibWeb,
  author       = {Paperist},
  howpublished = {\url{https://paperist.mikumiku.moe/basic-usage/bibtex.html}},
  title        = {{BibTeX} で参考文献を書く},
  note         = {(閲覧日2023/03/10)}
}